<record><leader>00000cas a2200000 a 4500</leader><controlfield tag="001">10478636</controlfield><controlfield tag="008">840302d1852185uiludn ne      0   a0eng c</controlfield><datafield ind1=" " ind2=" " tag="010"><subfield code="a">sn 84024083 </subfield></datafield><datafield ind1=" " ind2=" " tag="040"><subfield code="a">NPV</subfield><subfield code="b">eng</subfield><subfield code="c">NPV</subfield><subfield code="d">NPT</subfield><subfield code="d">NVF</subfield><subfield code="d">OCL</subfield><subfield code="d">NVF</subfield><subfield code="d">CRL</subfield><subfield code="d">NVF</subfield><subfield code="d">OCLCQ</subfield><subfield code="d">OCLCF</subfield><subfield code="d">NVF</subfield></datafield><datafield ind1=" " ind2=" " tag="042"><subfield code="a">pcc</subfield></datafield><datafield ind1=" " ind2=" " tag="043"><subfield code="a">n-us-il</subfield></datafield><datafield ind1=" " ind2=" " tag="090"><subfield code="a">AN</subfield></datafield><datafield ind1="0" ind2="0" tag="245"><subfield code="a">Daily Quincy Whig.</subfield></datafield><datafield ind1=" " ind2=" " tag="260"><subfield code="a">Quincy, Ill. :</subfield><subfield code="b">Morton &amp; Sullivan</subfield></datafield><datafield ind1="2" ind2=" " tag="260"><subfield code="3">&lt;June 12, 1857&gt;-July 4, 1857</subfield><subfield code="a">Quincy, Ill. :</subfield><subfield code="b">Morton &amp; Ralston</subfield></datafield><datafield ind1="3" ind2=" " tag="260"><subfield code="3">July 7, 1857-&lt;Dec. 3, 1857&gt;</subfield><subfield code="a">Quincy, Ill. :</subfield><subfield code="b">John T. Morton</subfield></datafield><datafield ind1=" " ind2=" " tag="300"><subfield code="a">v.</subfield></datafield><datafield ind1=" " ind2=" " tag="310"><subfield code="a">Daily (except Sunday)</subfield></datafield><datafield ind1="0" ind2=" " tag="362"><subfield code="a">[Vol. 1, no. 1] (Mar. 22, 1852)-</subfield></datafield><datafield ind1=" " ind2=" " tag="530"><subfield code="a">Also issued on microfilm.</subfield></datafield><datafield ind1=" " ind2=" " tag="580"><subfield code="a">Weekly eds.: Quincy Whig (Quincy, Ill. : 1838), 1852-1856, and: Quincy weekly Whig (Quincy, Ill. : 1856), 1856-&lt;1857&gt;.</subfield></datafield><datafield ind1=" " ind2=" " tag="580"><subfield code="a">Merged with: Quincy daily Republican, to form: Quincy daily Whig and Republican.</subfield></datafield><datafield ind1=" " ind2=" " tag="580"><subfield code="a">Issued also in a triweekly edition.</subfield></datafield><datafield ind1=" " ind2=" " tag="588"><subfield code="a">Description based on: Vol. 1, no. 2 (Mar. 23, 1852).</subfield></datafield><datafield ind1=" " ind2=" " tag="588"><subfield code="a">Latest issue consulted: Vol. 6, no. 198 (Dec. 3, 1857).</subfield></datafield><datafield ind1=" " ind2="0" tag="651"><subfield code="a">Quincy (Ill.)</subfield><subfield code="v">Newspapers.</subfield></datafield><datafield ind1=" " ind2="0" tag="651"><subfield code="a">Adams County (Ill.)</subfield><subfield code="v">Newspapers.</subfield></datafield><datafield ind1=" " ind2="7" tag="651"><subfield code="a">Illinois</subfield><subfield code="z">Adams County.</subfield><subfield code="2">fast</subfield><subfield code="0">(OCoLC)fst01206407</subfield></datafield><datafield ind1=" " ind2="7" tag="651"><subfield code="a">Illinois</subfield><subfield code="z">Quincy.</subfield><subfield code="2">fast</subfield><subfield code="0">(OCoLC)fst01212078</subfield></datafield><datafield ind1=" " ind2="7" tag="655"><subfield code="a">Newspapers.</subfield><subfield code="2">fast</subfield><subfield code="0">(OCoLC)fst01423814</subfield></datafield><datafield ind1=" " ind2=" " tag="752"><subfield code="a">United States</subfield><subfield code="b">Illinois</subfield><subfield code="c">Adams</subfield><subfield code="d">Quincy.</subfield></datafield><datafield ind1="1" ind2=" " tag="775"><subfield code="t">Quincy Whig (Quincy, Ill. : 1838)</subfield><subfield code="w">(DLC)sn 82014562</subfield><subfield code="w">(OCoLC)8810527</subfield></datafield><datafield ind1="1" ind2=" " tag="775"><subfield code="t">Quincy weekly Whig (Quincy, Ill. : 1856)</subfield><subfield code="w">(DLC)sn 92054619</subfield><subfield code="w">(OCoLC)26060331</subfield></datafield><datafield ind1="1" ind2="7" tag="785"><subfield code="t">Quincy daily Republican</subfield><subfield code="w">(DLC)sn2005062027</subfield><subfield code="w">(OCoLC)57483371</subfield></datafield><datafield ind1="1" ind2="7" tag="785"><subfield code="t">Quincy daily Whig and Republican</subfield><subfield code="w">(DLC)sn 82014535</subfield><subfield code="w">(OCoLC)8792299</subfield></datafield><datafield ind1="1" ind2=" " tag="029"><subfield code="a">AU@</subfield><subfield code="b">000020228467</subfield></datafield></record>